@ARTICLE{realtime-agent:1,
AUTHOR="Koenig, Sven and Xiaoxun Sun",
TITLE="Comparing Real-Time and Incremental Heuristic Search for Real-Time Situated Agents",
JOURNAL="Autonomous Agents and Multi-Agent Systems",
VOLUME=18,
YEAR=2009,
}

@ARTICLE{realtime-h:1,
AUTHOR="Korf, Richard E",
TITLE="Real-Time Heuristic Search",
JOURNAL="Artificial Intelligence",
PAGES="190-211",
YEAR=1990,
}

@MISC{hamilton:1,
author = "Sun Yat-sen",
title = {Algorithms},
howpublished = {\url{https://github.com/chuyangliu/Snake/blob/master/docs/algorithms.md}},
note = {Accessed: 2018-05-14}
}
